@online{crimminsSpeckleRemoval2003,
  author  = {Fisher, R. and Perkins, S. and Walker, A. and Wolfart, E.},
  title   = {Crimmins Speckle Removal},
  date    = {2003},
  url     = {https://homepages.inf.ed.ac.uk/rbf/HIPR2/crimmins.htm},
  urldate = {2025-04-14}
}
@online{vanderpas2021numa,
  author       = {Ruud van der Pas},
  title        = {NUMA in OpenMP\,---\,Home Sweet Home},
  subtitle     = {Part\,I: What is NUMA?},
  organization = {Oracle Linux Engineering},
  eventtitle   = {SC'21 OpenMP Booth Talk Series},
  date         = {2021-11-15},
  location     = {St.\ Louis, Missouri, USA},
  url          = {https://www.openmp.org/wp-content/uploads/OpenMPBoothTalks-SC21-Ruud-NUMA.part_.1.pdf},
}
@online{klemm2023advanced,
  author       = {Michael Klemm and Christian Terboven and Bronis R. de Supinski and Xavier Teruel},
  title        = {Advanced OpenMP Tutorial: NUMA, Vectorization \& Tasking},
  eventtitle   = {19th International Workshop on OpenMP (IWOMP 2023)},
  location     = {Bristol, UK},
  date         = {2023-09-12},
  url          = {https://www.iwomp.org/wp-content/uploads/iwomp-2023-advanced-openmp-tutorial.pdf},
  note         = {Tutorial presented at IWOMP 2023}
}
